<?xml version="1.0" encoding="UTF-8"?>
<!--
 ~ Copyright (c) 2025, WSO2 LLC. (https://www.wso2.com). All Rights Reserved.
 ~
 ~ This software is the property of WSO2 LLC. and its suppliers, if any.
 ~ Dissemination of any information or reproduction of any material contained
 ~ herein in any form is strictly forbidden, unless permitted by WSO2 expressly.
 ~ You may not alter or remove any copyright or other notice from copies of this content.
-->
<Envelope xmlns="urn:swift:xsd:envelope" xmlns:xsi="http://www.w3.org/2001/XMLSchema-instance" xsi:schemaLocation="urn:swift:xsd:envelope \\be-file02\Group\Standards\Messaging\CBPR+Schemas\Feb24Schemas_Core\Translator_envelope_core.xsd">
	<AppHdr xmlns="urn:iso:std:iso:20022:tech:xsd:head.001.001.04">
		<Fr>
			<FIId>
				<FinInstnId>
					<BICFI>BSCHESMM</BICFI>
				</FinInstnId>
			</FIId>
		</Fr>
		<To>
			<FIId>
				<FinInstnId>
					<BICFI>CAIXESBB</BICFI>
				</FinInstnId>
			</FIId>
		</To>
		<BizMsgIdr>cmt053bizmsgidr-001</BizMsgIdr>
		<MsgDefIdr>camt.053.001.08</MsgDefIdr>
		<BizSvc>swift.cbprplus.02</BizSvc>
		<CreDt>2022-10-20T12:00:00+01:00</CreDt>
	</AppHdr>
	<Document xmlns="urn:iso:std:iso:20022:tech:xsd:camt.053.001.12">
		<BkToCstmrStmt>
			<GrpHdr>
				<MsgId>cmt053bizmsgidr-001</MsgId>
				<CreDtTm>2022-10-20T12:00:00+01:00</CreDtTm>
			</GrpHdr>
			<Stmt>
				<Id>100-01</Id>
				<StmtPgntn>
					<PgNb>1</PgNb>
					<LastPgInd>true</LastPgInd>
				</StmtPgntn>
				<LglSeqNb>1001</LglSeqNb>
				<Acct>
					<Id>
						<Othr>
							<Id>48751258</Id>
						</Othr>
					</Id>
					<Ccy>EUR</Ccy>
				</Acct>
				<Bal>
					<Tp>
						<CdOrPrtry>
							<Cd>OPBD</Cd>
						</CdOrPrtry>
					</Tp>
					<Amt Ccy="EUR">8547.25</Amt>
					<CdtDbtInd>DBIT</CdtDbtInd>
					<Dt>
						<Dt>2022-10-20</Dt>
					</Dt>
				</Bal>
				<Bal>
					<Tp>
						<CdOrPrtry>
							<Cd>CLBD</Cd>
						</CdOrPrtry>
					</Tp>
					<Amt Ccy="EUR">57237.07</Amt>
					<CdtDbtInd>CRDT</CdtDbtInd>
					<Dt>
						<Dt>2022-10-20</Dt>
					</Dt>
				</Bal>
				<Ntry>
					<Amt Ccy="EUR">65784.32</Amt>
					<CdtDbtInd>CRDT</CdtDbtInd>
					<Sts>
						<Cd>BOOK</Cd>
					</Sts>
					<ValDt>
						<Dt>2022-10-20</Dt>
					</ValDt>
					<AcctSvcrRef>ABKREF-125646</AcctSvcrRef>
					<BkTxCd>
						<Domn>
							<Cd>PMNT</Cd>
							<Fmly>
								<Cd>RCDT</Cd>
								<SubFmlyCd>XBCT</SubFmlyCd>
							</Fmly>
						</Domn>
					</BkTxCd>
					<NtryDtls>
						<TxDtls>
							<Refs>
								<AcctSvcrRef>ABKREF-125646</AcctSvcrRef>
								<InstrId>pacs9bizmsgidr02</InstrId>
								<EndToEndId>pacs008EndToEndId-001</EndToEndId>
								<UETR>7a562c67-ca16-48ba-b074-65581be6f001</UETR>
							</Refs>
							<Amt Ccy="EUR">65784.32</Amt>
							<CdtDbtInd>CRDT</CdtDbtInd>
						</TxDtls>
					</NtryDtls>
				</Ntry>
			</Stmt>
		</BkToCstmrStmt>
	</Document>
</Envelope>
