<?xml version="1.0" encoding="UTF-8"?>
<!--
 ~ Copyright (c) 2025, WSO2 LLC. (https://www.wso2.com). All Rights Reserved.
 ~
 ~ This software is the property of WSO2 LLC. and its suppliers, if any.
 ~ Dissemination of any information or reproduction of any material contained
 ~ herein in any form is strictly forbidden, unless permitted by WSO2 expressly.
 ~ You may not alter or remove any copyright or other notice from copies of this content.
-->
<Envelope xmlns="urn:swift:xsd:envelope" xmlns:xsi="http://www.w3.org/2001/XMLSchema-instance" xsi:schemaLocation="urn:swift:xsd:envelope \\be-file02\Group\Standards\Messaging\CBPR+Schemas\Feb24Schemas_Core\Translator_envelope_core.xsd">
	<head:AppHdr xmlns:head="urn:iso:std:iso:20022:tech:xsd:head.001.001.02">
		<head:Fr>
			<head:FIId>
				<head:FinInstnId>
					<head:BICFI>RBSSGBKC</head:BICFI>
				</head:FinInstnId>
			</head:FIId>
		</head:Fr>
		<head:To>
			<head:FIId>
				<head:FinInstnId>
					<head:BICFI>MYMBGB2L</head:BICFI>
				</head:FinInstnId>
			</head:FIId>
		</head:To>
		<head:BizMsgIdr>cmt053bizmsgidr-001</head:BizMsgIdr>
		<head:MsgDefIdr>camt.053.001.08</head:MsgDefIdr>
		<head:BizSvc>swift.cbprplus.02</head:BizSvc>
		<head:CreDt>2022-10-20T18:00:00+02:00</head:CreDt>
	</head:AppHdr>
	<camt:Document xmlns:camt="urn:iso:std:iso:20022:tech:xsd:camt.053.001.08">
		<camt:BkToCstmrStmt>
			<camt:GrpHdr>
				<camt:MsgId>cmt053bizmsgidr-001</camt:MsgId>
				<camt:CreDtTm>2022-10-20T18:00:00+02:00</camt:CreDtTm>
			</camt:GrpHdr>
			<camt:Stmt>
				<camt:Id>Stmnt-100-01</camt:Id>
				<camt:StmtPgntn>
					<camt:PgNb>1</camt:PgNb>
					<camt:LastPgInd>true</camt:LastPgInd>
				</camt:StmtPgntn>
				<camt:LglSeqNb>1001</camt:LglSeqNb>
				<camt:Acct>
					<camt:Id>
						<camt:Othr>
							<camt:Id>9875687</camt:Id>
						</camt:Othr>
					</camt:Id>
					<camt:Ccy>GBP</camt:Ccy>
				</camt:Acct>
				<camt:Bal>
					<camt:Tp>
						<camt:CdOrPrtry>
							<camt:Cd>OPBD</camt:Cd>
						</camt:CdOrPrtry>
					</camt:Tp>
					<camt:Amt Ccy="GBP">6544</camt:Amt>
					<camt:CdtDbtInd>DBIT</camt:CdtDbtInd>
					<camt:Dt>
						<camt:Dt>2022-10-20</camt:Dt>
					</camt:Dt>
				</camt:Bal>
				<camt:Bal>
					<camt:Tp>
						<camt:CdOrPrtry>
							<camt:Cd>CLBD</camt:Cd>
						</camt:CdOrPrtry>
					</camt:Tp>
					<camt:Amt Ccy="GBP">31794</camt:Amt>
					<camt:CdtDbtInd>DBIT</camt:CdtDbtInd>
					<camt:Dt>
						<camt:Dt>2022-10-20</camt:Dt>
					</camt:Dt>
				</camt:Bal>
				<camt:Ntry>
					<camt:Amt Ccy="GBP">25250</camt:Amt>
					<camt:CdtDbtInd>DBIT</camt:CdtDbtInd>
					<camt:Sts>
						<camt:Cd>BOOK</camt:Cd>
					</camt:Sts>
					<camt:ValDt>
						<camt:Dt>2022-10-20</camt:Dt>
					</camt:ValDt>
					<camt:AcctSvcrRef>ABKREF-125646</camt:AcctSvcrRef>
					<camt:BkTxCd>
						<camt:Domn>
							<camt:Cd>PMNT</camt:Cd>
							<camt:Fmly>
								<camt:Cd>ICHQ</camt:Cd>
								<camt:SubFmlyCd>CCHQ</camt:SubFmlyCd>
							</camt:Fmly>
						</camt:Domn>
					</camt:BkTxCd>
					<camt:NtryDtls>
						<camt:TxDtls>
							<camt:Refs>
								<camt:AcctSvcrRef>ABKREF-125646</camt:AcctSvcrRef>
								<camt:ChqNb>102145</camt:ChqNb>
							</camt:Refs>
							<camt:Amt Ccy="GBP">25250</camt:Amt>
							<camt:CdtDbtInd>DBIT</camt:CdtDbtInd>
						</camt:TxDtls>
					</camt:NtryDtls>
				</camt:Ntry>
			</camt:Stmt>
		</camt:BkToCstmrStmt>
	</camt:Document>
</Envelope>
